% This file was created with JabRef 2.10b2.
% Encoding: UTF8

@Book{Kemper2011,
  Title                    = {Datenbanksysteme {E}ine {E}inführung},
  Author                   = {Alfons Kemper and André Eickler},
  Publisher                = {Oldenbourg Verlag München},
  Year                     = {2011},
}

@Book{Rossak2013,
  Title                    = {Datenintegration},
  Author                   = {Ines Rossak},
  Publisher                = {Carl Hanser Verlag},
  Year                     = {2013},
}

@Book{kjd2010,
  Title                    = {Wirtschaftsinformatik},
  Author                   = {Kenneth C.Laudon and Jane P.Laudon and Detlef Schoder},
  Publisher                = {Pearson Studium},
  Year                     = {2010},
}

@Misc{SIV13,
  title                    = {S{I}{V}.{A}{G} {I}magebroschüre},
  note                     = {Abrufdatum: 01.02.2016},
  author                   = {SIV.AG},
  Year                     = {2013},
  howpublished             = "\url{https://www.siv.de/tl_files/SIV/downloads/broschueren/SIV.AG_Imagebroschuere.pdf}",
  owner                    = {pohl},
  timestamp                = {2016.02.01},
  url                      = {https://www.siv.de/tl_files/SIV/downloads/broschueren/SIV.AG_Imagebroschuere.pdf}
}

@Misc{SIV16,
  title                    = {S{I}{V}.{A}{G} {P}roduktportfolio},
  note                     = {Abrufdatum: 21.02.2016},
  author                   = {SIV.AG},
  Year                     = {2016},
  howpublished             = "\url{http://www.siv.de/tl_files/SIV/downloads/broschueren/SIV.AG_Produktportfolio.pdf}",
  owner                    = {pohl},
  timestamp                = {2016.02.01},
  url                      = {http://www.siv.de/tl_files/SIV/downloads/broschueren/SIV.AG_Produktportfolio.pdf}
}

@Book{Dalheimer2005,
  Title                    = {{\LaTeX} kurz \& gut},
  Author                   = {Dalheimer, Mathias K.},
  Publisher                = {O'Reilly Verlag, Köln},
  Year                     = {2005},

  Owner                    = {drews},
  Timestamp                = {2015.02.12}
}

@Misc{Peters2005,
  Title                    = {Mathematik mit {\LaTeX}},

  Author                   = {Peters, Jan},
  Year                     = {2005},

  Owner                    = {drews},
  Timestamp                = {2015.02.12},
  Url                      = {http://matheplanet.com/matheplanet/nuke/html/article.php?sid=740#download}
}

@Misc{wiki:bibtex,
  Title                    = {Bib{T}e{X} --- {W}ikipedia{,} {D}ie freie {E}nzyklopädie},

  Author                   = {Wikipedia},
  Note                     = {[Online and accessed 12-Februar-2015] - \url{http://de.wikipedia.org/w/index.php?title=BibTeX}},
  Year                     = {2003},

  LastChecked              = {6. April 2008},
  Owner                    = {drews},
  Timestamp                = {2015.02.12},
  Url                      = {http://de.wikipedia.org/w/index.php?title=BibTeX&oldid=44468732}
}

@Misc{wiki:plsql,
  Title                    = {P{L}/{S}{Q}{L} --- {W}ikipedia{,} {D}ie freie {E}nzyklopädie},
  Author                   = {Wikipedia},
  Note                     = {\url{https://de.wikipedia.org/wiki/PL/SQL} (Abrufdatum am 09.02.2016)},
  %Year                     = {2015},
  %LastChecked              = {21. Juli 2015},
  %Timestamp                = {2015.02.12},
  %Url                      = {https://de.wikipedia.org/wiki/PL/SQL}
}

@Misc{wiki:rdb,
  Title                    = {Relationale {D}atenbank --- {W}ikipedia{,} {D}ie freie {E}nzyklopädie},
  Author                   = {Wikipedia},
  Note                     = {\url{https://de.wikipedia.org/wiki/Relationale_Datenbank} (Abrufdatum am 21.02.2016)},
  %Year                     = {2015},
  %LastChecked              = {21. Juli 2015},
  %Timestamp                = {2015.02.12},
  %Url                      = {https://de.wikipedia.org/wiki/PL/SQL}
}

@Misc{duden:migra,
  Title                    = {Migration},
  Author                   = {Duden},
  Note                     = {\url{https://de.wikipedia.org/wiki/Migration} (Abrufdatum am 16.02.2016)},
  %Year                     = {2015},
  %LastChecked              = {21. Juli 2015},
  %Timestamp                = {2015.02.12},
  %Url                      = {https://de.wikipedia.org/wiki/PL/SQL}
}

@Misc{DB16,
  title                    = {DB-Engines},
  note                     = {Abrufdatum: 17.02.2016},
  author                   = {solid IT},
  Year                     = {2016},
  howpublished             = "\url{http://db-engines.com/de/ranking}",
  %owner                    = {pohl},
  %timestamp                = {2016.02.01},
  %url                      = {https://www.siv.de/tl_files/SIV/downloads/broschueren/SIV.AG_Imagebroschuere.pdf}
}
